<record><leader>00000cas a22000007a 4500</leader><controlfield tag="001">17246825</controlfield><controlfield tag="008">871216d18761879ohuwr ne      0    0eng d</controlfield><datafield ind1=" " ind2=" " tag="010"><subfield code="a">sn 87076958 </subfield></datafield><datafield ind1=" " ind2=" " tag="040"><subfield code="a">ONP</subfield><subfield code="b">eng</subfield><subfield code="c">ONP</subfield><subfield code="d">KNP</subfield><subfield code="d">ONP</subfield><subfield code="d">OCLCQ</subfield><subfield code="d">DLC</subfield></datafield><datafield ind1=" " ind2=" " tag="042"><subfield code="a">msc</subfield></datafield><datafield ind1="0" ind2="0" tag="245"><subfield code="a">Urbana Union-Democrat.</subfield></datafield><datafield ind1=" " ind2=" " tag="260"><subfield code="a">Urbana, Ohio :</subfield><subfield code="b">Daniel Flanagan,</subfield><subfield code="c">-1879.</subfield></datafield><datafield ind1=" " ind2=" " tag="300"><subfield code="a">v.</subfield></datafield><datafield ind1=" " ind2=" " tag="310"><subfield code="a">Weekly</subfield></datafield><datafield ind1="1" ind2=" " tag="362"><subfield code="a">Began in 1876?</subfield></datafield><datafield ind1="0" ind2=" " tag="362"><subfield code="a">-v. 17, no. 39 (Dec. 25, 1879).</subfield></datafield><datafield ind1=" " ind2=" " tag="588"><subfield code="a">Description based on: Vol. 16, no. 48 (Feb. 27, 1879).</subfield></datafield><datafield ind1=" " ind2="4" tag="651"><subfield code="a">Urbana (Ohio)</subfield><subfield code="v">Newspapers.</subfield></datafield><datafield ind1=" " ind2="4" tag="651"><subfield code="a">Champaign County (Ohio)</subfield><subfield code="v">Newspapers.</subfield></datafield><datafield ind1=" " ind2=" " tag="752"><subfield code="a">United States</subfield><subfield code="b">Ohio</subfield><subfield code="c">Champaign</subfield><subfield code="d">Urbana.</subfield></datafield><datafield ind1="0" ind2="4" tag="780"><subfield code="t">Buckeye Democrat</subfield></datafield><datafield ind1="0" ind2="4" tag="780"><subfield code="t">Urbana Union (Urbana, Ohio)</subfield><subfield code="x">2333-0139</subfield><subfield code="w">(DLC)sn 85026309</subfield><subfield code="w">(OCoLC)12148861</subfield></datafield><datafield ind1="0" ind2="0" tag="785"><subfield code="t">Champaign Democrat (Urbana, Ohio)</subfield><subfield code="w">(DLC)sn 87076959</subfield></datafield></record>